

@misc{openwebtext2019,
  title={OpenWebText Corpus},
  author={Gokaslan, Aaron and Cohen, Vanya},
  year={2019},
  howpublished={\url{https://skylion007.github.io/OpenWebTextCorpus}}
}

@article{MLOpsSurvey2022,
  author    = {Ashraf, Omar and others},
  title     = {A Survey on MLOps: Building Reliable Machine Learning Systems},
  journal   = {Journal of Systems and Software},
  year      = {2022},
  doi       = {10.1016/j.jss.2022.111223}
}

@article{ReproducibleResearch2017,
  author    = {Stodden, Victoria and Seiler, Jennifer and Ma, Zhaokun},
  title     = {An Empirical Analysis of Journal Policy for Reproducibility},
  journal   = {Proceedings of the National Academy of Sciences},
  year      = {2017},
  doi       = {10.1073/pnas.1708290114}
}


@inproceedings{WebCrawlingBestPractices2021,
  author    = {Pant, Gautam and Srinivasan, Padmini},
  title     = {Web Crawling Best Practices: Ethics, Efficiency, and Effectiveness},
  booktitle = {Proceedings of the Web Conference},
  year      = {2021}
}

@article{DataVersioning2020,
  author    = {Blaustein, Nathan and others},
  title     = {Data Versioning in Practice: Challenges and Solutions},
  journal   = {Data Science Journal},
  year      = {2020},
  doi       = {10.5334/dsj-2020-012}
}



@article{DocumentLayoutAnalysis2021,
  author    = {Li, Chen and others},
  title     = {Document Layout Analysis via Geometric and Semantic Segmentation},
  journal   = {Pattern Recognition Letters},
  year      = {2021},
  doi       = {10.1016/j.patrec.2021.07.014}
}

@article{DataQuality2022,
  author    = {Pipino, Leo and others},
  title     = {Data Quality Assessment Frameworks in Data Engineering},
  journal   = {Information Systems Frontiers},
  year      = {2022},
  doi       = {10.1007/s10796-022-10314-2}
}

@inproceedings{HistoricalWebData2019,
  author    = {Ben-David, Eytan and others},
  title     = {Archival Web Data Collection and Preservation at Scale},
  booktitle = {Proceedings of the Web Archiving Conference},
  year      = {2019}
}

@article{OpenDataPractices2020,
  author    = {Janssen, Marijn and others},
  title     = {Open Data Practices and Governance: A Comprehensive Framework},
  journal   = {Government Information Quarterly},
  year      = {2020},
  doi       = {10.1016/j.giq.2020.101458}
}

@article{HuggingFaceDatasets2021,
  author    = {Lhoest, Quentin and others},
  title     = {Datasets: A Community Library for Natural Language Processing},
  journal   = {Proceedings of the 2021 Conference on Empirical Methods in Natural Language Processing: System Demonstrations},
  year      = {2021},
  doi       = {10.18653/v1/2021.emnlp-demo.21}
}

@article{EthicalOpenData2019,
  author    = {Floridi, Luciano and Taddeo, Mariarosaria},
  title     = {What Is Data Ethics?},
  journal   = {Philosophical Transactions of the Royal Society A},
  year      = {2019},
  doi       = {10.1098/rsta.2018.0083}
}

@article{FAIRPrinciples2016,
  author    = {Wilkinson, Mark D. and others},
  title     = {The FAIR Guiding Principles for Scientific Data Management and Stewardship},
  journal   = {Scientific Data},
  year      = {2016},
  doi       = {10.1038/sdata.2016.18}
}
@article{DataExpansion2023,
  author    = {Mishra, Arjun and others},
  title     = {Scaling Open Data: Strategies for Continuous Expansion and Maintenance},
  journal   = {Data Intelligence},
  year      = {2023},
  doi       = {10.1162/dint_a_00123}
}

@article{MultilingualNLP2022,
  author    = {Conneau, Alexis and others},
  title     = {Unsupervised Cross-lingual Representation Learning at Scale},
  journal   = {Transactions of the Association for Computational Linguistics},
  year      = {2022},
  doi       = {10.1162/tacl_a_00424}
}

@article{OCROpenResearch2021,
  author    = {Davis, Benjamin and others},
  title     = {Deep OCR: Neural Architectures for Document Text Recognition and Layout Parsing},
  journal   = {IEEE Transactions on Pattern Analysis and Machine Intelligence},
  year      = {2021},
  doi       = {10.1109/TPAMI.2021.3056728}
}

@article{OpenDataSustainability2020,
  author    = {Zuiderwijk, Anneke and Janssen, Marijn},
  title     = {Sustainability of Open Data and Data Infrastructures: A Research Agenda},
  journal   = {Government Information Quarterly},
  year      = {2020},
  doi       = {10.1016/j.giq.2020.101491}
}